2846 4733
586 493 731 587 560
1356 450 1812 561 'scHoLu
1848 521 1883 535 -

580 684 708 745 lute
738 683 900 745 nulla
927 680 1186 757 defugiat
1222 681 1627 752 incommoda,
1665 698 1743 742 ne
1765 693 2021 742 mortem
2058 683 2325 760 quidem.
2402 684 2577 749 Haec

581 796 745 855 enim
782 793 864 854 est
903 794 1001 852 illa
1041 787 1256 850 Christi
1296 789 1581 860 dilectio,
1636 805 1752 864 qua
1791 807 1903 865 nos
1948 792 2199 863 dilexit,
2245 793 2402 853 infra
2435 794 2582 865 XV,

591 916 687 985 ¹.ss-
729 904 827 965 Cf.
880 917 909 973 ι,
941 901 1028 960 10.
1064 896 1172 971 111,
1230 902 1321 962 16.
1403 898 1517 956 Sed
1561 896 1706 956 haec
1747 913 1872 957 non
1909 899 2085 957 unica
2128 899 2296 961 fuiss'e
2330 903 2583 963 videtur

586 1010 819 1082 caussa,
857 1024 964 1067 eur
1001 1005 1265 1081 Christus
1301 1022 1561 1066 novum
1596 1006 1813 1066 dixerit
1840 1004 1959 1066 hoc
1988 1021 2395 1083 praeceptum.
2462 1010 2581 1070 Er-

499 1136 504 1139 ·
580 1134 661 1196 go
703 1118 941 1178 uberim
969 1116 1317 1191 explioenda
1358 1114 1441 1176 est
1478 1132 1593 1176 ree.
1677 1114 2204 1193 Causs'ae‘nempffi
2256 1134 2364 1178 cur
2396 1116 2579 1179 Chri-

582 1227 698 1287 stus
752 1226 869 1284 hoc
910 1236 1310 1299 praeceptum.
1353 1226 1515 1299 dicat
1556 1241 1785 1285 novum
1815 1264 1837 1295 ‚
1923 1228 2289 1299 quaerendae
2337 1227 2471 1286 sunt
2512 1231 2579 1289 in

579 1347 790 1395 natura
815 1335 941 1406 rei,
984 1335 1043 1393 in
1092 1332 1237 1394 serie
1290 1336 1616 1403 orationis,
1671 1335 1732 1394 in
1776 1332 2046 1408 personia
2082 1332 2158 1392 de
2197 1338 2423 1413 quibus„
2455 1336 2581 1400 ser-

580 1459 682 1525 mo
715 1443 843 1525 est,
896 1455 958 1502 et
994 1441 1216 1521 inipso
1264 1455 1536 1517 tempore
1563 1482 1585 1514 ,
1642 1459 1767 1520 quo
1792 1422 1975 1502 ‘Iesus
2017 1441 2164 1504 haec
2200 1441 2367 1501 dixit.
2452 1438 2580 1501 Na·

581 1566 774 1614 turam
816 1546 902 1613 rei
933 1592 954 1624 ,
1012 1565 1075 1645 et
1115 1551 1327 1613 seriem
1366 1552 1656 1629 orationis
1698 1551 1738 1612 fi
1790 1551 2167 1628 spectamus,
2232 1567 2403 1611 amor
2444 1568 2580 1612 mu·

581 1674 724 1723 tuus
762 1660 1109 1722 describitur
1157 1676 1227 1720 ut
1270 1661 1562 1721 summum
1600 1662 1956 1723 sectatorum
2003 1660 2219 1722 Christi
2277 1662 2581 1735 officium,

583 1785 646 1833 et
700 1770 1051 1831 nominatim
1098 1787 1266 1829 amor
1322 1771 1593 1831 exserens
1637 1770 1693 1830 se
1738 1768 1958 1830 talibus
2007 1769 2178 1829 factis
2202 1788 2265 1841 f·
2301 1772 2579 1845 qualibus

584 1879 801 1943 Christi
841 1895 1011 1939 amor
1040 1879 1096 1940 se
1140 1878 1433 1954 exseruit,
1473 1895 1651 1960 atque
1679 1880 1816 1941 ideo
1852 1877 1913 1939 se
1951 1877 2248 1951 exserens,
2293 1881 2580 1955 quoniam

581 1989 845 2051 Christus
885 1986 1008 2051 hoc
1044 1992 1382 2085 exemplum
1425 1982 1718 2065 praebuit.
1799 1989 1957 2065 Ergo
1982 1968 2255 2049 'novum
2289 2002 2417 2049 erat
2445 1987 2579 2050 hoc

583 2114 1015 2189 praeceptum,
1091 2110 1375 2176 quatenus
1432 2117 1601 2160 amor
1654 2112 1892 2159 mutuus
1953 2098 2404 2160 commendatur
2441 2111 2577 2158 tan-

582 2226 759 2287 quam
803 2208 1089 2274 summum
1136 2208 1490 2273 sectatorum
1531 2208 1745 2270 Christi
1790 2207 2086 2279 officium,
2132 2220 2191 2266 et
2215 2206 2434 2283 iignum
2464 2207 2578 2269 hu‘·

584 2320 678 2381 ius
723 2319 1039 2381 societatis.
1087 2336 1149 2381 v.
1187 2330 1282 2391 35.
1384 2321 1574 2384 Porro
1622 2333 1878 2380 ιιουιιιη
1925 2329 2049 2378 erat
2086 2332 2333 2394 propter
2367 2315 2581 2392 perso·

583 2435 728 2503 nas,
769 2430 982 2506 quibus
1023 2429 1569 2495 commendabatur.
1650 2431 1819 2490 Dixit
1857 2444 2069 2500 nempe
2112 2426 2268 2487 lesus
2309 2425 2429 2487 hoe
2456 2425 2577 2489 suis

587 2538 926 2613 discipulis,
989 2541 1092 2617 qui
1136 2542 1413 2615 profecto
1460 2537 1578 2598 huc
1620 2555 1812 2612 usque
1852 2555 1975 2598 non
2014 2548 2370 2611 putaverant
2396 2579 2419 2610 ‚
2487 2550 2597 2597 tu-³

583 2649 703 2709 lem
742 2663 1005 2709 amorem
1040 2648 1149 2710 ess'e
1191 2661 1391 2709 notam
1431 2637 2054 2721 sectatorum‘Christi,
2099 2646 2197 2708 sed
2226 2649 2427 2722 potius
2458 2646 2584 2709 hoc

586 2756 697 2819 ess'e
738 2756 1002 2834 signum,
1063 2775 1183 2835 quo
1226 2754 1461 2833 agnosci
1506 2755 1674 2832 poffit
1701 2798 1721 2826 ‚
1776 2773 1881 2836 eos
1925 2758 2034 2818 effe
2089 2756 2406 2850 sectatores
2452 2775 2581 2818 ma-

582 2867 745 2946 gistri
786 2867 908 2940 sui,
958 2867 998 2928 fi
1042 2870 1102 2927 in
1137 2882 1325 2941 regno
1366 2866 1496 2927 eiua
1527 2866 1729 2944 inssgni
1765 2882 1828 2927 et
1866 2847 2188 2943 conspicuo
2225 2837 2681 2968 ‘Q
2746 2915 2753 2920 .

584 2977 816 3040 honore
852 3020 871 3050 ,
913 2978 1309 3054 quem'toties
1365 2981 1752 3052 expetierant.
1866 2979 2023 3053 Ergo
2060 2977 2365 3052 discipulis
2390 3020 2414 3048 ,
2472 2973 2589 3039 tali

453 3076 461 3094 '
584 3085 756 3147 sensu
797 3089 1043 3149 imbutis
1099 3102 1328 3147 novum
1379 3099 1505 3145 erat
1556 3086 1675 3146 hoc
1719 3070 2098 3162 praeceptum
2138 3077 2336 3148 ‘relate
2375 3088 2448 3149 ad
2488 3091 2584 3168 ip-

586 3193 786 3256 sorum
832 3194 1027 3257 sensus
1065 3208 1126 3256 et
1158 3195 1464 3268 indolem3
1503 3207 1674 3255 antea
1709 3198 1862 3258 enim
1907 3195 2009 3256 fibi
2043 3196 2220 3272 longe
2255 3197 2412 3256 aliud
2442 3215 2582 3272 per-

584 3303 910 3374 suaserant,
983 3304 1146 3380 quod
1193 3319 1270 3363 eo
1326 3305 1507 3380 magis
1563 3304 1661 3367 hic
1708 3306 2088 3381 spectandum
2122 3305 2247 3380 est,
2292 3310 2593 3382 quoniam

583 3411 690 3477 sub
742 3410 860 3472 hoc
898 3410 1088 3487 ipsum
1135 3423 1381 3489 tempus
1430 3414 1557 3474 rixa
1607 3415 1680 3474 de
1726 3416 2060 3494 principatu
2102 3417 2164 3477 in
2217 3432 2404 3492 regno
2449 3418 2585 3508 eiua³

581 3522 739 3618 inter
786 3536 891 3580 eos
930 3535 1063 3581 orta
1101 3536 1271 3598 erat,·
1336 3539 1521 3599 quare
1561 3539 1825 3586 errorem
1870 3540 2079 3586 eorum
2122 3525 2421 3599 corrigere
2452 3523 2576 3586 ‘vo-

583 3629 698 3691 luit
738 3627 894 3690 Iesus
944 3633 1158 3705 partim
1205 3633 1509 3708 pedilavio
1537 3672 1560 3705 ,
1620 3635 1838 3707 partim
1895 3633 2073 3694 etiam
2116 3634 2233 3694 hoc
2281 3631 2577 3698 sermone.

584 3738 858 3815 Denique
906 3741 1084 3801 etiam
1134 3738 1515 3815 spectandum
1559 3740 1640 3801 est
1667 3754 1942 3834 tempus,
1985 3758 2133 3816 quo
2155 3737 2418 3804 Christus
2460 3745 2773 3850 «10-Ὗ

589 3849 715 3913 cuit
727 3889 751 3923 ,
800 3862 860 3912 et
900 3848 1043 3912 haec
1077 3849 1249 3918 dixit.
1326 3852 1556 3916 Floruit
1585 3867 1796 3964 nempe
1828 3850 2023 3916 adhuc
2058 3851 2270 3930 religio
2305 3837 2576 3927 Iudaici,
2679 3893 2683 3904 ·
2772 3857 2773 3890 ¹

1041 3969 1048 3982 ·
2511 3962 2575 4021 in
