2846 4733
615 540 761 613 450
803 647 807 651 .
1073 556 1121 567 -
1281 480 1290 487 ⁸
1458 448 1914 603 sennim

620 727 788 794 ditio
830 704 1146 791 Iudaica,
1191 732 1341 795 quae
1385 716 1658 813 inprimis
1690 680 2031 788 -seripiurae
2059 711 2120 772 S.
2159 709 2506 785 cognitione
2550 720 2618 769 et

622 835 1110 915 interpretatione
1151 829 1470 889 nitebatur.
1593 826 1690 886 Sic
1741 825 1801 881 in
1853 820 2084 880 'fabula
2114 819 2356 882 Cebetis
2391 815 2616 878 ἐιδένοα

621 943 1000 1036 γράμματα,
1047 955 1108 1004 et
1146 937 1316 1021 saepe
1353 936 1534 1008 alias,
1571 946 1640 993 ut
1680 927 1920 1007 Kypke
1961 930 2197 1004 probat.
2275 927 2422 991 Non
2456 927 2617 987 didi

556 1066 568 1077 ‘
625 1061 760 1137 ciffc
788 1073 919 1117 eum
948 1056 1174 1113 litteras
1219 1046 1529 1133 dicebant,
1576 1043 1717 1127 quia
1743 1055 1920 1151 nemo
1960 1050 2315 1113 praeceptor
2342 1037 2403 1096 in
2437 1034 2614 1097 disci-

492 1208 499 1225 ·
623 1170 903 1248 pulcrum
947 1159 1186 1223 suorum
1221 1171 1396 1231 grege
1431 1169 1564 1213 eum
1599 1140 1895 1211 viderat.

788 1345 881 1405 16.
926 1330 1009 1402 Ἢ
1047 1319 1160 1412 ἐμῆ
1189 1363 1268 1378 -
1294 1302 1666 1409 πέμψσὶντός
1704 1321 1839 1404 με)
1894 1315 2241 1382 Doctrina
2291 1334 2449 1380 mea·
2478 1316 2637 1379 non‘

628 1458 775 1519 tdm
802 1468 954 1510 mea
978 1449 1116 1514 est,
1160 1440 1369 1521 quarn
1411 1438 1557 1497 eius
1600 1435 1717 1515 qm·
1757 1450 1864 1493 me
1905 1433 2108 1492 misit.
2200 1432 2369 1491 Dicit
2402 1446 2624 1505 nempe

629 1566 812 1635 Iesus,
854 1561 913 1621 se
944 1574 1067 1623 non
1102 1553 1214 1613 esse
1246 1551 1419 1609 huius
1464 1547 1773 1608 doctrinae
1811 1544 2066 1618 primum
2104 1551 2459 1609 ,auctet-em,
2502 1530 2624 1600 'ne-

636 1691 754 1757 que
777 1669 877 1741 se,
918 1680 1099 1742 quum
1135 1663 1420 1723 doctores
1453 1673 1525 1717 ex
1550 1655 1894 1714 hominibus
1918 1668 2043 1711 non
2080 1650 2387 1720 habuerit,
2432 1648 2625 1724 ipsum

638 1783 739 1844 sua
762 1787 1076 1855 praccepta
1116 1765 1514 1845 excogitan-‚3
1539 1762 1631 1825 se
1665 1760 1815 1823 nihil
1854 1762 2074 1822 docere
2112 1759 2278 1835 quod
2318 1759 2627 1845 voluntati

625 1886 880 1952 divinae
915 1893 1243 1958 repugnet,
1311 1876 1409 1938 sed
1438 1888 1506 1936 ea
1551 1885 1825 1942 tantum,
1874 1887 2026 1947 quae
2067 1881 2135 1928 ut
2170 1869 2396 1942 legatus
2439 1842 2631 1929 Patris

641 1998 917 2077 proferre
945 1993 1177 2052 debeat.
1260 1986 1419 2046 Idem
1462 1981 1726 2055 indicat,
1782 1981 1944 2059 quod
1990 1996 2057 2040 v.
2093 1984 2196 2045 18.
2246 1970 2306 2037 se
2351 1993 2473 2037 non
2515 1968 2635 2056 ἐφ’

636 2104 831 2171 locor?
868 2102 1096 2165 λαλεῖν.
1147 2097 1250 2160 Cf.
1274 2115 1328 2158 c.
1369 2092 1537 2165 XIV,
1574 2108 1672 2167 24.

811 2292 903 2354 t.7
941 2263 1101 2338 'Edu
1138 2291 1231 2342 τις
1259 2262 1420 2352 θέλῃ
1457 2252 1530 2329 ro*
1559 2257 1723 2359 Sel,
1749 2254 1810 2325 σέ.
1835 2284 1904 2325 π.
1914 2260 1952 2341 >
1978 2216 2065 2321 ’ἐπ’
2109 2260 2258 2340 quis·
2279 2258 2464 2324 volet
2494 2263 2639 2327 eius

646 2384 995 2454 voluntati
1016 2398 1298 2464 parere,
1320 2382 1361 2442 i.
1399 2396 1452 2439 e.
1476 2376 1517 2436 fi
1541 2378 1623 2436 ita
1648 2377 1850 2437 animo
1881 2385 2256 2449 comparatus
2286 2371 2375 2445 fit,
2407 2387 2475 2435 ut
2495 2391 2640 2453 qua·

646 2505 1004 2572 lemcunque
1044 2492 1425 2551 voluntatem
1452 2487 1565 2545 Dei
1599 2480 1701 2543 fibi
1730 2483 2078 2554 revelatam,
2120 2495 2645 2561 quantumcunque

650 2608 846 2672 carnis
876 2602 1189 2664 affectibus
1229 2596 1626 2664 contrariam,
1684 2590 2031 2666 obsequenti
2068 2593 2266 2649 animo
2316 2595 2643 2680 complecti

648 2718 822 2782 velit.
904 2712 1172 2772 Verbum
1213 2703 1451 2774 θέλειν,
1494 2717 1630 2762 cum
1657 2700 1787 2760 aliis
1814 2701 2017 2778 verbm
2046 2699 2337 2772 iunctum,
2379 2704 2649 2776 pletum-

581 2835 587 2862 ‘
654 2844 771 2908 que
810 2825 989 2886 habet
1024 2820 1154 2879 vim
1188 2813 1458 2875 adverbii
1483 2807 1785 2871 libenter.
1866 2809 2022 2869 Alii·
2059 2805 2274 2872 θέλειν
2313 2810 2413 2870 hic
2455 2815 2641 2874 abun·

656 2939 797 2999 dare
834 2934 1099 3004 videtur,
1146 2941 1213 2988 ut
1240 2923 1434 2999 saepe.
1510 2916 1719 2983 Ποῐιῖὶι
1761 2905 1830 2981 ri
1869 2915 2125 3001 θέλημα
2159 2916 2238 2980 τί
2274 2915 2421 2991 ³23,
2462 2920 2647 2984 disce-

655 3065 762 3121 re,
821 3058 971 3121 quae
1008 3042 1169 3101 Deus
1211 3031 1487 3095 discenda
1527 3011 1865 3106 proponit,
1929 3042 1993 3089 et
2023 3043 2194 3105 agere
2233 3044 2386 3106 quae
2422 3033 2647 3106 agenda
2672 3061 2691 3072 ·

658 3158 861 3230 docet.
942 3151 1083 3209 Ideo
1120 3147 1278 3208 enim
1319 3138 1472 3201 misit
1509 3140 1696 3199 filium
1727 3138 1922 3211 suum,
1961 3150 2031 3198 ut
2052 3155 2168 3199 nos
2200 3155 2306 3214 per
2333 3156 2467 3201 eum
2498 3141 2650 3200 edo·

658 3276 847 3333 ceret‚
888 3259 1062 3332 supra
1092 3272 1146 3316 c.
1188 3254 1297 3321 VI,
1341 3255 1441 3314 28-
1468 3263 1566 3325 29.
1608 3240 1904 3327 γνώσει-οη
1937 3231 2009 3294 -’-
2034 3247 2259 3325 λαλῶ)
2299 3247 2371 3307 Is
2412 3264 2546 3308 mu.
2582 3253 2652 3314 et

659 3366 1088 3452 experientia
1123 3357 1450 3446 intelliget
1477 3399 1494 3431 ‚
1564 3375 1658 3418 an
1700 3357 2029 3435 doctrina·
2062 3373 2217 3416 mea
2254 3356 2487 3417 Deum
2527 3377 2649 3419 au—

665 3488 923 3543 ctorem
963 3469 1244 3549 habeat,
1294 3487 1388 3529 an
1422 3485 1586 3528 vero
1630 3469 1960 3528 instinctu
1996 3482 2172 3540 meo,
2212 3473 2454 3547 sponte
2493 3485 2647 3528 mea

665 3592 965 3654 doceam.
1071 3569 1520 3650 Γναΐου-αι,
1561 3593 1693 3636 usu
1740 3580 2096 3657 cognoscet
2120 3616 2141 3647 ,
2182 3574 2264 3640 sc.
2292 3580 2649 3654 cogitando,

625 3685 1019 3778 'repetendm
1060 3689 1477 3761 examinando,
1518 3688 1770 3764 agendo,
1812 3687 1903 3746 uti
1927 3688 1987 3746 in
2021 3687 2300 3747 omnibus
2327 3686 2654 3762 disciplinis

635 3835 641 3844 ·
670 3823 735 3874 et
760 3801 1125 3874 artibushoc
1154 3798 1239 3862 fit.
1322 3798 1377 3859 1·
1404 3799 1606 3875 igitur,
1649 3797 1753 3873 qui
1782 3795 1839 3856 se
1868 3797 1942 3856 acl
1971 3796 2313 3870 discendum
2336 3797 2655 3872 agendum-

673 3914 985 4000 que'dedit
1010 3953 1027 3987 ,
1093 3910 1468 3998 experietur,
1496 3967 1501 3976 ,
1530 3906 1865 3968 doctrinam
1903 3903 2120 3967 Christi
2158 3920 2194 3965 a
2241 3904 2374 3967 Deo
2394 3917 2660 3978 ,auctore

2548 4011 2655 4074 effe
