2846 4733
656 582 788 709 IIV
830 578 1367 658 IOANNEM
1395 568 1624 671 CAP.
1687 582 1886 658 VIII.
2149 588 2287 701 451

295 798 422 844 non
465 782 778 856 pertineat.
889 779 1029 840 vid.
1077 779 1390 841 Michaelis
1432 780 1523 840 ius
1574 777 1908 841 Mosaicum
1962 754 2144 842 Tom.
2187 783 2290 859 V,

292 908 432 971 pag.
473 892 611 950 261.
671 882 682 893 ⁸

466 1122 525 1181 6.
569 1110 739 1180 Τῖτο
781 1114 943 1178 δὲ-
985 1112 1343 1198 κατηγορῶν
1381 1110 1536 1177 vivre
1507 1113 1587 1196 ⁴⁸)
1636 1115 1795 1179 Hoc
1832 1123 2063 1180 autem
2090 1137 2176 1180 ex
2210 1136 2288 1182 eo

294 1226 736 1310 quaerebant,
778 1242 938 1284 eum
973 1226 1385 1303 explorandi
1402 1244 1669 1304 caussa,
1705 1235 1780 1288 ut
1817 1227 2137 1290 haberent
2167 1229 2293 1294 cri·

296 1336 615 1399 minandi
657 1336 1032 1398 materiem.
1113 1338 1408 1397 Acculare
1453 1339 1743 1399 volebant
1775 1344 1877 1401 vel
1922 1356 1991 1400 ut
2029 1351 2301 1400 contem-

299 1458 498 1509 torem
525 1448 667 1525 legis
711 1443 1055 1537 mosaicae,
1110 1445 1151 1505 fi
1180 1463 1211 1505 a
1254 1447 1457 1506 verbis
1507 1448 1630 1506 eius
1671 1452 2010 1521 recederet3
2072 1451 2213 1521 vel,
2255 1447 2300 1509 fi

300 1560 374 1619 iis
405 1557 721 1627 infisteret,
782 1570 1064 1631 tanquam
1106 1555 1393 1614 immitem
1455 1566 1515 1614 et
1561 1536 2130 1632 immisericordem,
2171 1561 2297 1623 imo

299 1668 641 1741 sapientum
678 1666 914 1740 placitis
947 1665 1380 1725 adversantem.
1463 1665 1535 1726 In
1578 1677 1738 1724 tanta
1784 1669 2025 1749 licentia
2061 1684 2142 1738 et
2161 1688 2294 1731 mo-

304 1789 439 1834 rum
495 1776 1178 1865 corruptioneillorum
1244 1790 1580 1848 temporum
1612 1818 1635 1849 ,
1695 1792 1867 1851 quam
1919 1778 2299 1855 Thalmudici
2359 1801 2369 1823 ¹

306 1886 484 1944 etiam
524 1887 825 1956 fatentur,
896 1886 1064 1947 multi
1114 1883 1413 1944 Doctores
1454 1887 1516 1945 in
1560 1902 1628 1945 ca
1658 1887 1943 1959 opinione
1990 1887 2154 1949 fuifl‘e
2199 1891 2301 1950 vi·
2393 1905 2400 1918 ⁸

287 1994 554 2066 dentur,
626 2012 750 2055 non
788 1980 1379 2056 animadvertendum
1420 1995 1531 2054 effe
1597 1996 1659 2054 in
1705 1997 1979 2056 mulieres
2021 1999 2302 2059 adulterii

135 2122 148 2129 ·
233 2148 240 2155 .
301 2119 460 2172 reas,
501 2121 578 2163 ex
607 2105 801 2177 rigore
828 2103 1173 2177 disciplinae
1203 2105 1527 2175 monicae,
1574 2105 1702 2163 auis
1732 2082 2305 2167 contradicentibus.

309 2215 617 2292 Quaerunt
649 2214 827 2287 igitur
864 2211 1153 2271 Pharisaei
1191 2228 1249 2272 et
1287 2214 1608 2305 legisperiti
1662 2231 1735 2272 ex
1775 2210 1903 2272 Iesu
1928 2253 1950 2285 ‚
2020 2215 2161 2289 quid
2198 2213 2303 2281 fibi

309 2323 384 2382 de
422 2320 528 2381 hac
560 2336 622 2382 re
645 2318 934 2381 videatur.
983 2319 1122 2382 Vid.
1141 2317 1503 2380 Michaelis
1531 2323 1603 2381 ad
1630 2324 1691 2384 h.
1722 2323 1764 2385 1.
1850 2322 1940 2382 Eo
1966 2327 2143 2385 etiam
2175 2325 2304 2386 ani·

311 2448 414 2494 mo
451 2449 555 2493 eoe
596 2427 960 2506 proposuiffe
986 2429 1115 2492 Iesu
1162 2432 1313 2493 hanc
1337 2432 1778 2510 quaestionem,
1830 2446 1897 2492 ut
1942 2450 2077 2493 eum
2128 2449 2305 2494 aceu-

207 2594 222 2600 -
314 2541 509 2603 sarent
534 2540 692 2616 apud
752 2539 1093 2611 Romanos,
1147 2553 1215 2600 ut
1255 2542 1602 2603 rebellionis
1639 2556 1983 2615 auctorem,
2038 2553 2098 2603 et
2142 2530 2353 2605 occi-³
2422 2545 2429 2548 “

211 2644 220 2658 “
313 2654 453 2713 dere
500 2649 615 2711 fine
656 2648 881 2709 iudicio
925 2647 1303 2723 suadentem,
1362 2650 1404 2711 fi
1444 2629 1817 2728 lapidandam
1859 2653 2126 2725 dixiss‘et,
2185 2670 2308 2714 non

312 2754 395 2826 est
440 2759 752 2822 credibile.
831 2757 991 2816 Nam
1025 2761 1084 2816 in
1116 2759 1186 2818 iis
1230 2761 1579 2820 criminibus
1604 2801 1627 2831 ,
1669 2777 1819 2837 quae
1846 2762 1918 2819 ad
1959 2764 2315 2835 religionem

314 2847 649 2948 spectarent
686 2911 708 2940 ,
771 2868 999 2927 Iudaeis
1054 2868 1198 2937 ius,
1271 2866 1623 2940 supplicium
1682 2870 1936 2943 capitale
2006 2868 2314 2937 sumendi,

315 2979 483 3040 fuiss‘e
529 2980 842 3047 relictum,
888 2977 1202 3036 docebitur
1243 2976 1314 3030 ad
1347 2971 1399 3034 d:
1444 2975 1673 3047 xvlu,
1729 2987 1824 3045 31.
1908 2973 2186 3056 ἔγραψεν
2228 2977 2313 3045 dle

321 3080 432 3171 γῆν
470 3088 632 3168 γῆν)
698 3083 746 3148 Γ
750 3085 783 3166 ἢ
809 3127 830 3157 ,
891 3086 952 3144 h.
1004 3085 1042 3143 l.
1082 3085 1186 3143 vel
1228 3080 1457 3161 pulvis
1484 3083 1602 3155 est,
1669 3085 1771 3144 vel
1812 3084 2313 3162 pavimentum.

319 3199 558 3275 Scriplit
588 3200 648 3259 in
687 3212 843 3284 tetra
890 3194 1102 3254 ductus
1133 3196 1276 3254 nihil
1323 3195 1746 3270 fignificante55
1818 3213 1935 3272 quo
1975 3209 2112 3256 actu
2149 3195 2317 3271 ligni·

307 3296 504 3368 'ficare
535 3309 736 3372 voluit
766 3306 947 3376 lesus,
992 3305 1049 3364 se
1090 3306 1161 3364 ad
1190 3309 1517 3382 negotium,
1561 3303 1725 3381 quod
1752 3309 2172 3381 proponebant
2201 3307 2323 3367 cal·

328 3418 437 3479 lidi
479 3419 783 3488 homines,
829 3435 1034 3493 parum
1065 3416 1408 3486 attendere,
1465 3429 1656 3490 neque
1692 3412 1748 3476 se
1784 3417 2218 3492 valde·cupere
2246 3416 2322 3477 ad

334 3519 1128 3602 interrogatarespondere,
1175 3523 1338 3599 quod
1380 3540 1440 3582 er
1488 3523 1687 3584 animo
1729 3524 2003 3585 insidioso
2040 3528 2139 3585 illa
2176 3541 2323 3598 pro·

335 3634 523 3709 pofita
561 3618 668 3692 e'sse
694 3676 715 3705 ‚
780 3631 839 3695 e't
877 3635 1099 3696 caussae
1148 3634 1552 3693 uiscuffionem
1598 3636 1870 3708 exiguum
1910 3635 2167 3693 fructum
2220 3633 2325 3692 ha-

340 3744 601 3805 bituram
628 3745 761 3818 effe,
791 3747 1185 3820 praevideret.
1241 3745 1381 3804 Vid.
1406 3742 1606 3803 schol.
1640 3746 1714 3802 ad
1741 3740 2042 3819 Aristoplr.
2069 3745 2327 3803 Acharn.

329 3866 440 3942 ²31.
528 3854 697 3914 Talis
741 3874 866 3917 erat
902 3831 1202 3933 quaestio,
1263 3837 1330 3912 ut
1372 3850 1747 3925 responsione
1775 3871 1849 3913 ne
1891 3855 2062 3928 digna
2091 3854 2329 3929 quidem

341 3966 521 4047 effet,·
577 3983 715 4029 nam
767 3986 839 4030 ex
879 3967 1002 4045 ipsa
1056 3968 1181 4042 lege
1219 3958 1401 4021 Mosrs
1443 3960 1655 4022 decisio
1696 3965 1868 4025 facile
1921 3966 2041 4041 peti
2079 3959 2334 4039 poterat.

1376 4071 1420 4130 F
1452 4071 1485 4131 f
1514 4086 1550 4133 2
2243 4071 2341 4131 Iu-
