2846 4733
709 526 845 632 ιΝ
890 554 1413 630 ιοΑΝΝΕΜ
1464 560 1863 692 cAP.1V.
2107 619 2116 654 ,
2176 542 2320 664 359
2408 553 2413 558 ’

308 754 507 815 solent
536 753 691 814 enim
745 769 930 828 aquae
984 755 1151 815 salire
1191 754 1260 811 ad
1304 753 1677 815 altitudinem
1720 771 1915 832 usque
1954 756 2087 818 suae
2134 762 2317 834 origi.

309 867 425 926 nis,
567 862 665 923 Est
709 864 885 928 etiam
931 863 1416 938 Latini-rmus,
1487 865 1685 926 Latini
1730 868 1888 927 enim
1959 866 2314 931 salientem

318 990 575 1051 aquam
606 974 833 1033 dicunt.
1257 977 1264 988 ²

485 1144 577 1212 16.
615 1130 1031 1224 <1223v27erovqr3v
1065 1129 1253 1223 ἄνδρα
1287 1137 1414 1220 σε)
1444 1140 1723 1203 Arcesse
1753 1145 2079 1203 maritum
2096 1151 2318 1210 tuum.

309 1231 556 1335 'Awipg
584 1257 829 1315 maritus
870 1252 1187 1328 legitimus.
1272 1255 1395 1314 Cur
1442 1252 1597 1311 lesus
1650 1258 1773 1314 eius
1815 1260 2088 1316 maritum
2132 1257 2321 1331 adesse

307 1341 621 1434 voluerit,
664 1382 783 1428 non
815 1365 1009 1440 potest
1047 1377 1210 1424 certo
1256 1362 1508 1438 definiri.
1591 1366 1856 1424 Fortaffis
1896 1365 2053 1425 deest
2092 1351 2318 1442 aiiquid

311 1476 374 1534 in
415 1475 746 1549 colloquio,
831 1476 1088 1536 Videtur
1128 1486 1323 1532 tamen
1377 1474 1683 1550 mulierem
1723 1474 1835 1532 alia
1862 1476 2092 1537 ratione
2118 1493 2150 1535 a
2180 1492 2322 1536 cor-

311 1585 513 1660 poreis
584 1584 657 1642 ad
704 1584 917 1643 altiora
970 1584 1193 1657 erigere
1231 1581 1482 1643 voluisse
1515 1622 1536 1654 ,
1590 1583 1746 1658 ¹quia
1780 1585 2041 1659 priorem
2091 1585 2320 1658 sermo-

285 1726 291 1730 ·
312 1713 445 1758 nem
493 1679 616 1754 non
660 1673 1057 1760 intellexerat,

769 1795 774 1802 '
2286 1795 2293 1830 x

491 1862 583 1921 18·
628 1849 782 1916 Ὀυκ
824 1848 914 1924 ἕςι,
958 1872 1033 1913 σε
1074 1839 1263 1931 αένῆρ)
1311 1846 1645 1910 Nondum
1681 1855 1778 1912 est
1802 1856 2096 1932 maritus
2132 1860 2317 1920 tuus.

313 1960 498 2034 Ὀυκ,
559 1963 618 2022 h.
647 1964 690 2023 1.
737 1962 1056 2040 significare
1106 1943 1347 2040 videtur
1395 1961 1750 2037 nondum,
1809 1963 1977 2044 (pro
2021 1958 2155 2028 ἕτω
2178 1967 2215 2046 )
2251 1979 2324 2027 ue

315 2076 507 2133 Marc.
556 2074 630 2144 X,
677 2089 767 2147 13.
825 2073 964 2150 Vll,⁸
1003 2086 1096 2146 18.
1137 2075 1316 2138 Deut.
1354 2072 1483 2145 XX,
1527 2087 1586 2147 5.
1626 2077 1685 2134 6.
1734 2089 1789 2146 7.
1873 2074 2129 2138 Videtur
2169 2077 2318 2144 haee

321 2184 586 2243 foemina
612 2183 756 2242 olim
787 2172 1051 2266 quinque
1086 2181 1342 2248 habuisse
1372 2183 1651 2254 maritos,
1697 2183 1962 2258 legitimo
2004 2185 2183 2246 thoro
2212 2159 2319 2246 fib'i

318 2295 595 2364 iunctos;
663 2293 875 2368 quibus
920 2292 1220 2352 defunctis
1275 2291 1470 2350 sextus
1524 2289 1626 2350 ille
1686 2289 1915 2351 success'
1919 2306 1979 2364 t
2050 2296 2145 2355 cui
2187 2307 2316 2354 tum

318 2404 702 2501 desponsata,
763 2402 861 2463 sed
895 2403 1162 2464 nondum
1196 2402 1254 2459 in
1307 2403 1554 2463 domum
1602 2402 1853 2461 deducta
1879 2416 2025 2463 erat.
2108 2404 2319 2480 Itaque

314 2533 423 2582 ex
432 2515 524 2573 hie
566 2514 691 2573 Iesu
732 2513 936 2574 verbis
977 2528 1098 2572 non
1139 2511 1437 2586 sequitur,
1501 2510 1652 2570 hanc
1699 2512 2021 2576 foeminam
2062 2513 2320 2575 inhone-

311 2625 454 2692 stam
487 2608 983 2685 consuetudinem
1027 2620 1283 2682 habuiss‘e
1325 2637 1460 2681 curn
1505 2619 1746 2698 sponso.

1718 2716 1729 2745 1

489 2824 582 2885 19.
628 2803 851 2888 Θεωρῶ
893 2795 985 2866 ὅτι
1023 2797 1338 2889 προφήτης
1361 2794 1435 2868 'Ee
1470 2799 1551 2869 cz>
1566 2807 1600 2885 )
1631 2808 1942 2889 Intelligo
1985 2814 2051 2869 te
2082 2814 2311 2869 vatem

315 2936 476 2981 esse.
596 2918 750 2996 Quia
794 2916 1017 2977 scilicet
1091 2919 1235 2979 mihi
1288 2920 1350 2977 in
1400 2921 1752 2979 memoriam
1813 2935 2067 2978 revocas
2120 2919 2316 2978 vitam

315 3015 705 3101 meam,‘cui
735 3039 925 3089 tamen
965 3044 1077 3097 nec
1118 3038 1185 3088 tu
1210 3069 1233 3100 ‚
1295 3044 1408 3088 nec
1461 3028 1609 3095 alius
1646 3028 1997 3088 Iudaeorum
2027 3027 2319 3086 interfuit.

313 3138 754 3213 Prophetarum
801 3136 905 3217 est,
947 3139 1149 3199 abdita
1191 3137 1481 3198 revelare.
1564 3135 1726 3211 Ergo
1764 3138 1976 3196 mulier
2022 3136 2319 3212 quaestio-

314 3267 451 3310 nem
492 3249 545 3307 ei
584 3248 875 3322 proponit
899 3286 922 3319 ,
979 3247 1164 3319 ,velut
1206 3247 1699 3322 inexplicabilem·
1732 3246 1804 3306 de
1842 3247 1984 3307 loco
2013 3248 2318 3324 modoque

314 3359 601 3419 adorandi
646 3340 864 3430 Deum,
916 3371 1093 3437 atque
1127 3359 1200 3417 ab
1243 3370 1316 3417 eo
1348 3359 1589 3421 edoceri
1629 3357 1821 3431 cupit.

475 3520 574 3568 20.
613 3500 710 3567 Οι
757 3497 1619 3591 πατέρες-προσεκύνησαν)
1658 3504 1968 3567 Maiores
1994 3506 2209 3566 nostri
2238 3505 2321 3568 in

316 3613 448 3676 hoc
474 3622 703 3677 monte
728 3635 932 3679 sacra
970 3617 1244 3701 publica
1259 3610 1607 3699 fecerunt.
1646 3612 1713 3676 Π
1727 3636 1806 3697 ρο
1828 3621 2141 3677 σκυνεῖν
2178 3617 2319 3681 11.1.

321 3726 404 3787 est
444 3745 648 3787 sacra
683 3728 963 3808 publica
999 3724 1266 3810 facere.
1345 3732 1503 3788 Nam
1541 3728 1734 3787 Deum
1762 3726 2009 3785 adorare
2042 3728 2326 3798 precibus

314 3836 538 3897 licebat
574 3841 799 3917 ubique
825 3852 886 3900 et
927 3840 1156 3901 Iudaeis
1197 3852 1258 3901 et
1292 3839 1709 3911 Samaritarum
1781 3835 1880 3895 sed
1914 3836 2188 3895 diffenms
2227 3836 2323 3895 in·

312 3955 407 4008 ter
461 3958 773 4029 utramque
826 3961 1066 4028 gentem
1105 3961 1231 4011 erat
1280 3948 1355 4008 de
1411 3948 1555 4017 loeo
1595 3950 1700 4010 ubi
1745 3946 1904 4010 sacra
1943 3947 2184 4024 publica
2225 3944 2321 4005 es-

1359 4056 1411 4122 Z
1449 4081 1491 4138 4
2004 4125 2016 4135 ,
2196 4052 2328 4116 sent
