2846 4733
839 482 1422 565 mancam
1465 489 1701 576 CAR·
1747 491 1875 569 111.
2113 444 2129 458 ’
2229 526 2324 595 ⁴71

320 681 461 740 aem
501 680 821 757 Antipun,
867 689 929 738 et
965 678 1302 759 Phiiippum
1351 689 1665 752 distribuit.
1780 678 2121 751 Archelao
2173 664 2331 756 enim

322 790 492 847 dedit
540 791 698 865 regni
768 792 1031 853 Herodis
1084 766 1393 858 dimidium
1443 815 1576 859 cum
1617 792 1991 862 Ethnarchae
2044 792 2326 865 nomine:
2374 836 2398 847 κ

319 898 613 979 reliquum
646 916 802 960 vero
837 901 1170 973 dimidium,
1212 904 1275 966 in
1302 907 1447 968 duas
1485 908 1830 973 tetrarchias
1866 906 2148 977 divisum,
2157 910 2329 969 ‹duo-
2401 918 2406 923 ’

315 1008 432 1066 bus
469 1008 597 1067 aliia
646 1009 931 1077 Herodis
956 1012 1055 1070 fili
1060 1028 1090 1069 s
1130 1014 1387 1089 tribuit,
1459 1034 1634 1080 unam
1674 1019 2003 1096 Philippo,
2074 1020 2321 1079 alteram

314 1116 596 1191 Antipae.
637 1112 933 1176 Herodi
940 1102 1236 1199 Αηείραὲ
1274 1127 1333 1185 in
1364 1128 1654 1202 ditionem
1686 1116 1842 1192 ceint
1870 1131 2078 1189 Peraea
2121 1140 2180 1186 et
2206 1129 2326 1187 Ga-

316 1226 510 1297 lilaea,
539 1224 854 1307 Philippo
882 1243 1075 1289 autem
1129 1232 1441 1306 Batanaea,
1450 1218 1854 1303 Trachonitis
1894 1251 1954 1296 ct
1991 1238 2320 1309 Auranitis,

314 1351 466 1411 quae
497 1348 564 1398 et
602 1337 830 1398 ituraea
860 1354 1130 1402 vocatur.
1172 1341 1415 1423 Ioseph
1462 1350 1626 1413 deB
1658 1349 1701 1406 1.
1733 1349 1869 1408 Lib.
1904 1345 1993 1407 11.-
2013 1365 2066 1407 c.
2107 1349 2213 1418 Vi,
2245 1343 2316 1426 §-

312 1459 371 1522 5.
460 1447 574 1505 Sed
605 1462 762 1506 anno
790 1449 916 1509 fere
965 1452 1201 1515 decimo
1244 1454 1622 1516 Archelaus
1665 1458 1954 1519 Viennam
1986 1456 2044 1515 in
2076 1457 2317 1515 exilium

317 1553 543 1616 eiectus
572 1553 700 1629 est,
728 1559 983 1634 eiusque
1024 1564 1176 1631 ditio
1215 1562 1274 1624 in
1318 1567 1588 1633 formam
1621 1567 1971 1658 provinciae
2013 1542 2315 1626 Romanae

314 1662 589 1736 redacta,
583 1681 783 1743 quae
814 1642 1345 1744 administrabatur,
1389 1677 1632 1758 nornine
1653 1690 1723 1741 et
1759 1676 2116 1737 auctoritate
2160 1675 2314 1734 Cae

310 1770 498 1845 saris,
543 1790 576 1833 a
615 1775 1160 1861 Procurator-ibus,
1208 1800 1464 1859 quorum
1500 1787 1768 1848 omnium
1824 1787 2048 1860 primus
2089 1783 2310 1863 Copo-

307 1882 464 1941 nius
501 1886 639 1957 fuit,
683 1898 926 1947 auctore
948 1886 1236 1968 Iosepho
1262 1894 1333 1952 de
1358 1894 1423 1956 B.
1455 1895 1498 1955 1.
1530 1896 1599 1957 L.
1629 1895 1704 1967 11,
1750 1911 1803 1957 c.
1828 1895 1990 1966 Vni,
2032 1892 2087 1970 ἕ.
2131 1910 2179 1953 ι.
2219 1895 2309 1953 in·

311 2003 404 2050 ter
433 1995 603 2052 cuius
640 1993 988 2058 success‘ores
1031 2011 1093 2058 et
1133 2001 1352 2065 Pilatua
1394 2005 1527 2067 fuit.
1582 2003 1831 2086 λᾳσανιῇ
1871 2003 1992 2081 τῆς.
2020 1998 2315 2084 εἰβιληνῆε

316 2093 818 2184 ἐ”ΡαΡ-κὲντος)
843 2109 1099 2174 Abilena
1131 2129 1351 2175 nomen
1387 2113 1568 2186 habet
1614 2116 1687 2173 ab
1718 2112 1934 2184 Abila,
1990 2114 2136 2172 urbe
2168 2128 2309 2197 qua·

318 2208 455 2267 dam
491 2212 716 2284 Syriae,
756 2231 893 2290 quae
920 2232 1086 2280 extra
1131 2221 1279 2282 fines
1320 2202 1675 2307 Palaestinae
1705 2219 1843 2295 fita,
1896 2221 2090 2280 monti
2130 2221 2313 2306 Lipa-

313 2336 401 2380 no
445 2334 571 2382 erat
597 2324 880 2401 contigua,
964 2329 1125 2393 Haec
1154 2309 1438 2411 Dynastia
1466 2331 1515 2392 s.
1557 2333 1904 2422 Tetrarchia
1935 2332 2138 2391 varios
2179 2330 2311 2391 Do-

306 2430 511 2490 minos
549 2431 783 2509 babuit,
834 2451 895 2500 et
929 2441 1259 2518 Lysaniae,
1325 2458 1391 2504 ut
1432 2445 1783 2520 quibusdam
1823 2444 2100 2512 videtur,
2161 2440 2301 2500 ideo

300 2556 522 2601 vocata
569 2543 697 2617 est,
751 2551 917 2625 quod
956 2551 1091 2612 casu
1130 2555 1386 2629 quodam
1416 2556 1702 2656 contigit,
1759 2566 1838 2614 ut
1873 2554 2067 2613 modi
2057 2568 2114 2611 o
2154 2565 2305 2612 tem·
2329 2561 2330 2564 ’

298 2654 467 2727 poris
508 2655 836 2730 intervallo
886 2660 1118 2721 duobus
1161 2665 1573 2738 contingeret,
1647 2659 1749 2739 qui
1797 2666 1975 2724 ambo
2018 2660 2332 2738 Lysaniae

296 2763 493 2835 appel
498 2779 760 2826 arentur
890 2769 1188 2848 Quoniam
1249 2775 1427 2850 igitur
1481 2775 1721 2840 ineunte
1781 2783 1940 2859 anno
1993 2757 2298 2831 ministerii

297 2872 550 2940 Domini
591 2877 809 2950 nostri,
877 2882 1112 2961 quidam
1155 2879 1435 2956 Lysanias
1483 2897 1615 2942 eum
1681 2883 2078 2960 principatum
2129 2893 2301 2939 tene·
2324 2939 2328 2943 ,

296 2982 426 3050 bat,
469 2999 544 3041 ne
581 2983 738 3045 hunc
763 2987 1001 3061 quidem
1038 2989 1233 3052 Lucae
1275 2993 1512 3066 putavit
1542 2987 1642 3057 sibi
1684 2991 2296 3074 praetermittendum,
2335 3009 2346 3016 ’

297 3073 480 3166 quum
534 3094 877 3170 praesertim
924 3098 1119 3159 ludaei
1174 3117 1293 3160 non
1348 3101 1522 3182 pauci
1584 3100 1643 3158 in
1699 3101 2059 3168 Tetrarchae
2124 3100 2299 3162 huius

296 3203 527 3263 ditione
558 3206 927 3279 habitarent,
995 3221 1054 3268 et
1084 3210 1262 3276 Caius
1302 3210 1514 3270 Caesar
1547 3209 1678 3288 post
1718 3226 1972 3273 mortem
2009 3210 2302 3294 Lysaniae

292 3310 444 3372 hanc
481 3315 866 3376 tetrarchiam
922 3315 1172 3381 donaret
1206 3320 2097 3407 Agr11paeloseph.Antiqq.
2159 3323 2294 3381 Lib.

293 3421 511 3494 xvln,
557 3440 611 3486 c.
649 3425 754 3492 vl,
839 3428 1011 3506 Quia
1015 3441 1217 3490 autem
1252 3428 1354 3487 iste
1381 3427 1664 3510 Lysaniae
1698 3430 1920 3503 fuerit,
1981 3433 2148 3492 cuius
2179 3431 2295 3489 Lu·
2303 3479 2320 3502 ,

294 3550 392 3594 cas
426 3535 527 3597 hic
568 3539 938 3598 mentionem
990 3539 1167 3609 facit,
1213 3540 1287 3602 de
1327 3557 1401 3600 eo
1445 3542 1708 3623 nondum
1754 3542 1906 3601 inter
1961 3544 2143 3600 Viros
2182 3539 2295 3597 do·

291 3659 425 3708 ctos
466 3651 786 3711 convenit.
903 3643 1230 3709 Krebsius
1277 3663 1475 3712 tamen
1540 3649 1694 3718 haud
1745 3665 1928 3727 pauca
1970 3670 2002 3712 e
2039 3648 2293 3723 Iosepho
2409 3735 2418 3744 .

287 3755 425 3826 huic
468 3762 560 3824 rei
595 3761 975 3825 illustrandae
1017 3759 1216 3823 affert.

1358 3959 1494 4062 1224
2238 3987 2296 4033 t.
